%YAML 1.1
%TAG !u! tag:unity3d.com,2011:
--- !u!1001 &100100000
Prefab:
  m_ObjectHideFlags: 1
  serializedVersion: 2
  m_Modification:
    m_TransformParent: {fileID: 0}
    m_Modifications: []
    m_RemovedComponents: []
  m_ParentPrefab: {fileID: 0}
  m_RootGameObject: {fileID: 1700022229199220}
  m_IsPrefabParent: 1
--- !u!1 &1152328342532354
GameObject:
  m_ObjectHideFlags: 1
  m_PrefabParentObject: {fileID: 0}
  m_PrefabInternal: {fileID: 100100000}
  serializedVersion: 5
  m_Component:
  - component: {fileID: 4879471642521060}
  m_Layer: 0
  m_Name: Armature
  m_TagString: Untagged
  m_Icon: {fileID: 0}
  m_NavMeshLayer: 0
  m_StaticEditorFlags: 4294967295
  m_IsActive: 1
--- !u!1 &1218288991318704
GameObject:
  m_ObjectHideFlags: 1
  m_PrefabParentObject: {fileID: 0}
  m_PrefabInternal: {fileID: 100100000}
  serializedVersion: 5
  m_Component:
  - component: {fileID: 4297489381573384}
  m_Layer: 0
  m_Name: Bone_004
  m_TagString: Untagged
  m_Icon: {fileID: 0}
  m_NavMeshLayer: 0
  m_StaticEditorFlags: 4294967295
  m_IsActive: 1
--- !u!1 &1227885871953478
GameObject:
  m_ObjectHideFlags: 1
  m_PrefabParentObject: {fileID: 0}
  m_PrefabInternal: {fileID: 100100000}
  serializedVersion: 5
  m_Component:
  - component: {fileID: 4108641301864716}
  - component: {fileID: 135704621021327948}
  - component: {fileID: 114535387194951238}
  m_Layer: 0
  m_Name: Bone_006
  m_TagString: Mine
  m_Icon: {fileID: 0}
  m_NavMeshLayer: 0
  m_StaticEditorFlags: 4294967295
  m_IsActive: 1
--- !u!1 &1234231930566324
GameObject:
  m_ObjectHideFlags: 1
  m_PrefabParentObject: {fileID: 0}
  m_PrefabInternal: {fileID: 100100000}
  serializedVersion: 5
  m_Component:
  - component: {fileID: 4699101699386888}
  m_Layer: 0
  m_Name: Bone_003
  m_TagString: Untagged
  m_Icon: {fileID: 0}
  m_NavMeshLayer: 0
  m_StaticEditorFlags: 4294967295
  m_IsActive: 1
--- !u!1 &1281262117376368
GameObject:
  m_ObjectHideFlags: 1
  m_PrefabParentObject: {fileID: 0}
  m_PrefabInternal: {fileID: 100100000}
  serializedVersion: 5
  m_Component:
  - component: {fileID: 4879993126499882}
  m_Layer: 0
  m_Name: Bone_002
  m_TagString: Untagged
  m_Icon: {fileID: 0}
  m_NavMeshLayer: 0
  m_StaticEditorFlags: 4294967295
  m_IsActive: 1
--- !u!1 &1307441419214688
GameObject:
  m_ObjectHideFlags: 1
  m_PrefabParentObject: {fileID: 0}
  m_PrefabInternal: {fileID: 100100000}
  serializedVersion: 5
  m_Component:
  - component: {fileID: 4071375108184294}
  m_Layer: 0
  m_Name: Bone
  m_TagString: Untagged
  m_Icon: {fileID: 0}
  m_NavMeshLayer: 0
  m_StaticEditorFlags: 4294967295
  m_IsActive: 1
--- !u!1 &1311049202642794
GameObject:
  m_ObjectHideFlags: 1
  m_PrefabParentObject: {fileID: 0}
  m_PrefabInternal: {fileID: 100100000}
  serializedVersion: 5
  m_Component:
  - component: {fileID: 4026717073110994}
  m_Layer: 0
  m_Name: Bone_001
  m_TagString: Untagged
  m_Icon: {fileID: 0}
  m_NavMeshLayer: 0
  m_StaticEditorFlags: 4294967295
  m_IsActive: 1
--- !u!1 &1598009367470424
GameObject:
  m_ObjectHideFlags: 0
  m_PrefabParentObject: {fileID: 0}
  m_PrefabInternal: {fileID: 100100000}
  serializedVersion: 5
  m_Component:
  - component: {fileID: 4364411250533592}
  - component: {fileID: 95897313828867168}
  m_Layer: 0
  m_Name: mine
  m_TagString: Untagged
  m_Icon: {fileID: 0}
  m_NavMeshLayer: 0
  m_StaticEditorFlags: 4294967295
  m_IsActive: 1
--- !u!1 &1700022229199220
GameObject:
  m_ObjectHideFlags: 0
  m_PrefabParentObject: {fileID: 0}
  m_PrefabInternal: {fileID: 100100000}
  serializedVersion: 5
  m_Component:
  - component: {fileID: 4926353637407448}
  - component: {fileID: 54179567553743982}
  - component: {fileID: 95494875418963482}
  - component: {fileID: 114514764562231878}
  - component: {fileID: 114622819725001212}
  m_Layer: 0
  m_Name: Mine
  m_TagString: Mine
  m_Icon: {fileID: 0}
  m_NavMeshLayer: 0
  m_StaticEditorFlags: 4294967295
  m_IsActive: 1
--- !u!1 &1748875647925238
GameObject:
  m_ObjectHideFlags: 1
  m_PrefabParentObject: {fileID: 0}
  m_PrefabInternal: {fileID: 100100000}
  serializedVersion: 5
  m_Component:
  - component: {fileID: 4103118327207256}
  - component: {fileID: 137250023134271762}
  m_Layer: 0
  m_Name: Mine
  m_TagString: Mine
  m_Icon: {fileID: 0}
  m_NavMeshLayer: 0
  m_StaticEditorFlags: 4294967295
  m_IsActive: 1
--- !u!1 &1855485789874230
GameObject:
  m_ObjectHideFlags: 1
  m_PrefabParentObject: {fileID: 0}
  m_PrefabInternal: {fileID: 100100000}
  serializedVersion: 5
  m_Component:
  - component: {fileID: 4570186106830694}
  m_Layer: 0
  m_Name: Bone_005
  m_TagString: Untagged
  m_Icon: {fileID: 0}
  m_NavMeshLayer: 0
  m_StaticEditorFlags: 4294967295
  m_IsActive: 1
--- !u!4 &4026717073110994
Transform:
  m_ObjectHideFlags: 1
  m_PrefabParentObject: {fileID: 0}
  m_PrefabInternal: {fileID: 100100000}
  m_GameObject: {fileID: 1311049202642794}
  m_LocalRotation: {x: 0.9763345, y: -0.15164894, z: -0.15372346, w: 0.01194549}
  m_LocalPosition: {x: -1.784033, y: 0.00000013550743, z: -0.000000033600372}
  m_LocalScale: {x: 0.9999999, y: 0.99999994, z: 1.0000001}
  m_Children:
  - {fileID: 4879993126499882}
  m_Father: {fileID: 4071375108184294}
  m_RootOrder: 0
  m_LocalEulerAnglesHint: {x: 0, y: 0, z: 0}
--- !u!4 &4071375108184294
Transform:
  m_ObjectHideFlags: 1
  m_PrefabParentObject: {fileID: 0}
  m_PrefabInternal: {fileID: 100100000}
  m_GameObject: {fileID: 1307441419214688}
  m_LocalRotation: {x: 0.45234278, y: 0.4281583, z: -0.53943896, w: 0.5666322}
  m_LocalPosition: {x: 0.046735987, y: -0.12017825, z: 0}
  m_LocalScale: {x: 1, y: 0.99999994, z: 1}
  m_Children:
  - {fileID: 4026717073110994}
  m_Father: {fileID: 4879471642521060}
  m_RootOrder: 0
  m_LocalEulerAnglesHint: {x: 0, y: 0, z: 0}
--- !u!4 &4103118327207256
Transform:
  m_ObjectHideFlags: 1
  m_PrefabParentObject: {fileID: 0}
  m_PrefabInternal: {fileID: 100100000}
  m_GameObject: {fileID: 1748875647925238}
  m_LocalRotation: {x: 0, y: -0, z: -0, w: 1}
  m_LocalPosition: {x: 0.19771945, y: -0.10424868, z: 0.8852377}
  m_LocalScale: {x: 1, y: 1, z: 1}
  m_Children: []
  m_Father: {fileID: 4364411250533592}
  m_RootOrder: 1
  m_LocalEulerAnglesHint: {x: 0, y: 0, z: 0}
--- !u!4 &4108641301864716
Transform:
  m_ObjectHideFlags: 1
  m_PrefabParentObject: {fileID: 0}
  m_PrefabInternal: {fileID: 100100000}
  m_GameObject: {fileID: 1227885871953478}
  m_LocalRotation: {x: 0.7055008, y: 0.029944709, z: -0.043214757, w: 0.7067563}
  m_LocalPosition: {x: -2.1436005, y: 0.00000017107595, z: -0.000000098888776}
  m_LocalScale: {x: 0.9999999, y: 0.99999994, z: 0.9999999}
  m_Children: []
  m_Father: {fileID: 4570186106830694}
  m_RootOrder: 0
  m_LocalEulerAnglesHint: {x: 0, y: 0, z: 0}
--- !u!4 &4297489381573384
Transform:
  m_ObjectHideFlags: 1
  m_PrefabParentObject: {fileID: 0}
  m_PrefabInternal: {fileID: 100100000}
  m_GameObject: {fileID: 1218288991318704}
  m_LocalRotation: {x: -0.0000127780095, y: 0.00061749987, z: 0.10914649, w: 0.99402547}
  m_LocalPosition: {x: -2.3537188, y: 0.00000022479799, z: -0.000000060281266}
  m_LocalScale: {x: 1, y: 0.99999994, z: 1}
  m_Children:
  - {fileID: 4570186106830694}
  m_Father: {fileID: 4699101699386888}
  m_RootOrder: 0
  m_LocalEulerAnglesHint: {x: 0, y: 0, z: 0}
--- !u!4 &4364411250533592
Transform:
  m_ObjectHideFlags: 1
  m_PrefabParentObject: {fileID: 0}
  m_PrefabInternal: {fileID: 100100000}
  m_GameObject: {fileID: 1598009367470424}
  m_LocalRotation: {x: 0, y: 0, z: 0, w: 1}
  m_LocalPosition: {x: 0, y: 0, z: 0}
  m_LocalScale: {x: 1, y: 1, z: 1}
  m_Children:
  - {fileID: 4879471642521060}
  - {fileID: 4103118327207256}
  m_Father: {fileID: 4926353637407448}
  m_RootOrder: 0
  m_LocalEulerAnglesHint: {x: 0, y: 0, z: 0}
--- !u!4 &4570186106830694
Transform:
  m_ObjectHideFlags: 1
  m_PrefabParentObject: {fileID: 0}
  m_PrefabInternal: {fileID: 100100000}
  m_GameObject: {fileID: 1855485789874230}
  m_LocalRotation: {x: 0.9948832, y: -0.04044732, z: -0.09247415, w: -0.004477955}
  m_LocalPosition: {x: -1.8688086, y: 0.00000019790605, z: -0.00000011409273}
  m_LocalScale: {x: 1, y: 0.99999994, z: 0.9999998}
  m_Children:
  - {fileID: 4108641301864716}
  m_Father: {fileID: 4297489381573384}
  m_RootOrder: 0
  m_LocalEulerAnglesHint: {x: 0, y: 0, z: 0}
--- !u!4 &4699101699386888
Transform:
  m_ObjectHideFlags: 1
  m_PrefabParentObject: {fileID: 0}
  m_PrefabInternal: {fileID: 100100000}
  m_GameObject: {fileID: 1234231930566324}
  m_LocalRotation: {x: 0.0013259989, y: -0.016027061, z: -0.04714769, w: 0.9987585}
  m_LocalPosition: {x: -1.8880278, y: 0.00000009073119, z: 0.000000004837368}
  m_LocalScale: {x: 0.9999999, y: 0.99999994, z: 0.99999994}
  m_Children:
  - {fileID: 4297489381573384}
  m_Father: {fileID: 4879993126499882}
  m_RootOrder: 0
  m_LocalEulerAnglesHint: {x: 0, y: 0, z: 0}
--- !u!4 &4879471642521060
Transform:
  m_ObjectHideFlags: 1
  m_PrefabParentObject: {fileID: 0}
  m_PrefabInternal: {fileID: 100100000}
  m_GameObject: {fileID: 1152328342532354}
  m_LocalRotation: {x: -0.7071068, y: 0, z: -0, w: 0.7071068}
  m_LocalPosition: {x: -0.19771945, y: -0.8852377, z: -0.10424864}
  m_LocalScale: {x: 1, y: 1, z: 1}
  m_Children:
  - {fileID: 4071375108184294}
  m_Father: {fileID: 4364411250533592}
  m_RootOrder: 0
  m_LocalEulerAnglesHint: {x: 0, y: 0, z: 0}
--- !u!4 &4879993126499882
Transform:
  m_ObjectHideFlags: 1
  m_PrefabParentObject: {fileID: 0}
  m_PrefabInternal: {fileID: 100100000}
  m_GameObject: {fileID: 1281262117376368}
  m_LocalRotation: {x: -0.0033568514, y: 0.016714197, z: -0.1446099, w: 0.98934186}
  m_LocalPosition: {x: -1.6162677, y: 0.00000012479722, z: 0.000000074040145}
  m_LocalScale: {x: 0.9999999, y: 1, z: 0.99999994}
  m_Children:
  - {fileID: 4699101699386888}
  m_Father: {fileID: 4026717073110994}
  m_RootOrder: 0
  m_LocalEulerAnglesHint: {x: 0, y: 0, z: 0}
--- !u!4 &4926353637407448
Transform:
  m_ObjectHideFlags: 1
  m_PrefabParentObject: {fileID: 0}
  m_PrefabInternal: {fileID: 100100000}
  m_GameObject: {fileID: 1700022229199220}
  m_LocalRotation: {x: -0, y: -0, z: -0, w: 1}
  m_LocalPosition: {x: 60.1, y: -5.29, z: -30.8}
  m_LocalScale: {x: 1, y: 1, z: 1}
  m_Children:
  - {fileID: 4364411250533592}
  m_Father: {fileID: 0}
  m_RootOrder: 0
  m_LocalEulerAnglesHint: {x: 0, y: 0, z: 0}
--- !u!54 &54179567553743982
Rigidbody:
  m_ObjectHideFlags: 1
  m_PrefabParentObject: {fileID: 0}
  m_PrefabInternal: {fileID: 100100000}
  m_GameObject: {fileID: 1700022229199220}
  serializedVersion: 2
  m_Mass: 1
  m_Drag: 0
  m_AngularDrag: 0
  m_UseGravity: 0
  m_IsKinematic: 1
  m_Interpolate: 0
  m_Constraints: 112
  m_CollisionDetection: 0
--- !u!95 &95494875418963482
Animator:
  serializedVersion: 3
  m_ObjectHideFlags: 1
  m_PrefabParentObject: {fileID: 0}
  m_PrefabInternal: {fileID: 100100000}
  m_GameObject: {fileID: 1700022229199220}
  m_Enabled: 1
  m_Avatar: {fileID: 9000000, guid: 9ff9f826d8fe5874f99f5bf4ac33d1ff, type: 3}
  m_Controller: {fileID: 9100000, guid: 37d6aedd2da9ac74dbeb66733e61201d, type: 2}
  m_CullingMode: 0
  m_UpdateMode: 0
  m_ApplyRootMotion: 0
  m_LinearVelocityBlending: 0
  m_WarningMessage: 
  m_HasTransformHierarchy: 1
  m_AllowConstantClipSamplingOptimization: 1
--- !u!95 &95897313828867168
Animator:
  serializedVersion: 3
  m_ObjectHideFlags: 1
  m_PrefabParentObject: {fileID: 0}
  m_PrefabInternal: {fileID: 100100000}
  m_GameObject: {fileID: 1598009367470424}
  m_Enabled: 1
  m_Avatar: {fileID: 9000000, guid: 9ff9f826d8fe5874f99f5bf4ac33d1ff, type: 3}
  m_Controller: {fileID: 0}
  m_CullingMode: 1
  m_UpdateMode: 0
  m_ApplyRootMotion: 0
  m_LinearVelocityBlending: 0
  m_WarningMessage: 
  m_HasTransformHierarchy: 1
  m_AllowConstantClipSamplingOptimization: 1
--- !u!114 &114514764562231878
MonoBehaviour:
  m_ObjectHideFlags: 1
  m_PrefabParentObject: {fileID: 0}
  m_PrefabInternal: {fileID: 100100000}
  m_GameObject: {fileID: 1700022229199220}
  m_Enabled: 1
  m_EditorHideFlags: 0
  m_Script: {fileID: 11500000, guid: bb403c1fe095fa34fb8a05694a97e8d9, type: 3}
  m_Name: 
  m_EditorClassIdentifier: 
  explosionSound: {fileID: 1869353501674382, guid: 54780221fcb58414b8f4cd945c92f415,
    type: 2}
--- !u!114 &114535387194951238
MonoBehaviour:
  m_ObjectHideFlags: 1
  m_PrefabParentObject: {fileID: 0}
  m_PrefabInternal: {fileID: 100100000}
  m_GameObject: {fileID: 1227885871953478}
  m_Enabled: 1
  m_EditorHideFlags: 0
  m_Script: {fileID: 11500000, guid: 5785b514ec80b2d4ebbf3271c4de9a06, type: 3}
  m_Name: 
  m_EditorClassIdentifier: 
  messageToSend: PlayerDead
--- !u!114 &114622819725001212
MonoBehaviour:
  m_ObjectHideFlags: 1
  m_PrefabParentObject: {fileID: 0}
  m_PrefabInternal: {fileID: 100100000}
  m_GameObject: {fileID: 1700022229199220}
  m_Enabled: 1
  m_EditorHideFlags: 0
  m_Script: {fileID: 11500000, guid: 5785b514ec80b2d4ebbf3271c4de9a06, type: 3}
  m_Name: 
  m_EditorClassIdentifier: 
  messageToSend: PlayerDead
--- !u!135 &135704621021327948
SphereCollider:
  m_ObjectHideFlags: 1
  m_PrefabParentObject: {fileID: 0}
  m_PrefabInternal: {fileID: 100100000}
  m_GameObject: {fileID: 1227885871953478}
  m_Material: {fileID: 0}
  m_IsTrigger: 0
  m_Enabled: 1
  serializedVersion: 2
  m_Radius: 1.0132499
  m_Center: {x: -1.0477221, y: 0.0000001404671, z: -0.000000499775}
--- !u!137 &137250023134271762
SkinnedMeshRenderer:
  m_ObjectHideFlags: 1
  m_PrefabParentObject: {fileID: 0}
  m_PrefabInternal: {fileID: 100100000}
  m_GameObject: {fileID: 1748875647925238}
  m_Enabled: 1
  m_CastShadows: 1
  m_ReceiveShadows: 1
  m_MotionVectors: 1
  m_LightProbeUsage: 1
  m_ReflectionProbeUsage: 1
  m_Materials:
  - {fileID: 10303, guid: 0000000000000000f000000000000000, type: 0}
  m_StaticBatchInfo:
    firstSubMesh: 0
    subMeshCount: 0
  m_StaticBatchRoot: {fileID: 0}
  m_ProbeAnchor: {fileID: 0}
  m_LightProbeVolumeOverride: {fileID: 0}
  m_ScaleInLightmap: 1
  m_PreserveUVs: 0
  m_IgnoreNormalsForChartDetection: 0
  m_ImportantGI: 0
  m_SelectedEditorRenderState: 3
  m_MinimumChartSize: 4
  m_AutoUVMaxDistance: 0.5
  m_AutoUVMaxAngle: 89
  m_LightmapParameters: {fileID: 0}
  m_SortingLayerID: 0
  m_SortingLayer: 0
  m_SortingOrder: 0
  serializedVersion: 2
  m_Quality: 0
  m_UpdateWhenOffscreen: 0
  m_SkinnedMotionVectors: 1
  m_Mesh: {fileID: 4300000, guid: 9ff9f826d8fe5874f99f5bf4ac33d1ff, type: 3}
  m_Bones:
  - {fileID: 4071375108184294}
  - {fileID: 4026717073110994}
  - {fileID: 4879993126499882}
  - {fileID: 4699101699386888}
  - {fileID: 4297489381573384}
  - {fileID: 4570186106830694}
  - {fileID: 4108641301864716}
  m_BlendShapeWeights: []
  m_RootBone: {fileID: 4071375108184294}
  m_AABB:
    m_Center: {x: -6.7544947, y: 0.779189, z: 1.8947452}
    m_Extent: {x: 6.8849907, y: 1.170718, z: 2.2081125}
  m_DirtyAABB: 0
